@book {numbers-game,
title={The Numbers Game},
author={Anderson, Chris and Sally, David},
year={2013},
publisher={Penguin UK}}

@article {vangool,
title ={The automatic analysis of the playing style of soccer teams},
author = {Van Gool, Jeroen and Van Haaren, Jan and Davis, Jesse},
journal={KU Leuven},
year = {2015}}

@article {vanwijk,
title={{Soccer Analytics - } predicting the outcome of soccer matches},
author={van Wijk, Nico},
note={VU University Amsterdam},
year={2012}}

@article {pogba,
title={{Predicting Soccer Highlights from Spatio-temporal Match Event Streams}},
author={Tom Decroos \& Vladimir Dzyuba \& Jan van Haaren \& Jesse Davis},
note={In \emph{Proceedings of the AAAI Conference on Artificial Intelligence}},
year={2017}}

@article {coekaerts,
title={Voorspellen van voetbalresultaten door de
kwaliteit van doelpogingen te kwantificeren},
author={Coekaerts, Rob and Van Haaren, Jan and Davis, Jesse},
year={2016},
note={KU Leuven}}

@article {decroos,
title = {Voorspellen van doelpunten en waarderen van spelsituaties in voetbal},
author={Decroos, Tom and Van Haaren, Jan and Dzyuba, Vladimir and Davis, Jesse},
note={KU Leuven},
year={2016}}

@misc{whoscored,
title= {{WhoScored.com}},
note={Zie www.whoscored.com, laatst gezien op 02-06-2018}}

@misc{sofifa,
title={Sofifa},
note={Zie www.sofifa.com, laatst gezien op 02-06-2018}}

@article{vroonen,
title ={Voorspellen van het potentieel van professionele voetbalspelers},
author={Vroonen, Ruben and Decroos, Tom and Van Haaren, Jan and Davis, Jesse},
year={2017}}

@article{kumar,
title={Machine Learning for Soccer Analytics},
author={Kumar, Gunjan and Alfarone, Daniele and Van Haaren, Jan and Davis, Jesse},
journal={KU Leuven},
year={2013}}

@article{horton,
  author    = {Horton, Michael and Gudmundsson, Joachim and Chawla, Sanjay and Estephan, Jo\"{e}l},
  title     = {Classification of Passes in Football Matches using Spatiotemporal
               Data},
  journal   = { ACM Trans. Spatial Algorithms and Systems 3(2): 6:1-6:30},
  year      = {2014},
  url       = {http://arxiv.org/abs/1407.5093},
  archivePrefix = {arXiv},
  eprint    = {1407.5093},
  timestamp = {Wed, 07 Jun 2017 14:40:34 +0200},
  biburl    = {https://dblp.org/rec/bib/journals/corr/HortonGCE14},
  bibsource = {dblp computer science bibliography, https://dblp.org}
}

@article{player-ranking,
author = {Brooks, Joel and Kerr, Matthew and Guttag, John},
year = {2016},
note={In \emph{22nd ACM SIGKDD International Conference on Knowledge Discovery and Data Mining}, pagina's 49-55},
title = {Developing a Data-Driven Player Ranking in Soccer Using Predictive Model Weights}
}

@article{basketbal,
title={Characterizing the spatial structure of defensive skill in professional basketball},
author={Franks, Alexander and Miller, Andrew and Bornn, Luke and Goldsberry, Kirk},
year={2015},
journal={Annals of Applied Statistics 2015, Vol. 9, No. 1},
pages={94-121},
note={arXiv:1405.0231}}

@book{moneyball,
title={Moneyball: the art of winning an unfair game},
author={Michael Lewis},
year={2003},
publisher={W.W. Norton \& company}}

@article{danneels,
title={Identifying Playing Styles in Professional Football},
author={Danneels, Glenn and Van Haaren, Jan and Op De Beéck, Tim and Davis, Jesse},
journal={KU Leuven},
year={2014}}

@misc{dybala1,
title={{Is Paulo Dybala the Next Lionel Messi? ``He Can Go as High as He Likes``}},
author={Rory Smith},
year={2017},
publisher={The New York Times},
note={https://www.nytimes.com/2017/04/10/sports/soccer/paulo-dybala-juventus-lionel-messi-barcelona.html}}

@misc{dybala2,
title={{Messi admits difficulties in Dybala partnership: He plays like me at Juve}},
author={Goal.com},
note={http://www.goal.com/en/news/messi-admits-difficulties-in-dybala-partnership-he-plays-like-me-/1uq96ju5zageb1s1vez93omsi3}}

@misc{gueye1,
title={{Everton boss Sam Allardyce compares Idrissa Gueye to N`Golo Kante}},
author={Gbenga Adewoye},
publisher={Goal.com},
note={http://www.goal.com/en/news/everton-boss-sam-allardyce-compares-idrissa-gueye-to-ngolo/gddgazktcl3b1ayeadrva1o18}}

@misc{gueye2,
title={{Everton's Idrissa Gueye is the new N`Golo Kante - and here are the stats to prove it}},
author={Alistair Kleebauer},
year={2017},
publisher={Liverpool Echo},
note={https://www.liverpoolecho.co.uk/sport/football/football-news/evertons-idrissa-gueye-new-ngolo-12965076}}

@misc{gueye3,
title={{Everton boss was spot-on with Idrissa Gueye - N`Golo Kante comparison}},
author={Shane Callaghan},
year={2018},
publisher={HITC},
note={http://www.hitc.com/en-gb/2018/04/12/everton-boss-was-spot-on-with-idrissa-gueye-ngolo-kante-comparis/}}

@misc{laporte1,
title={{Sergio Ramos 'identifies Aymeric Laporte and Matthijs de Ligt as his long-term replacements' at Real Madrid}},
author={Liam Prenderville},
year={2017},
publisher={Mirror},
note={https://www.mirror.co.uk/sport/football/transfer-news/sergio-ramos-identifies-aymeric-laporte-11710624}}

@misc{laporte2,
title={{4 Possible Replacements Should Real Madrid Sell Sergio Ramos}},
author={Tim Collins},
year={2015},
publisher={Bleacher Report},
note={http://bleacherreport.com/articles/2509541-4-possible-replacements-should-real-madrid-sell-sergio-ramos\#slide3}}

@misc{ronaldo1,
title={{How Cristiano Ronaldo has been transformed from a winger into a deadly No 9... and why he could really play for Real Madrid into his 40s}},
author={Rik Sharma},
year={2017},
publisher={Daily Mail},
note={http://www.dailymail.co.uk/sport/football/article-4469198/How-Ronaldo-transformed-winger-deadly-No9.html}}

@misc{ronaldo2,
title={{Cristiano Ronaldo: the change to a 'number 9'}},
author={Antonio Romero},
year={2016},
publisher={as},
note={https://en.as.com/en/2016/12/19/opinion/1482164003\_264275.html}}

@misc{coles,
title={{The Rise of Data Analytics in Football: Expected Goals, Statistics and dam}},
author={Jack Coles},
year={2016},
publisher={Outside of the boot},
note={http://outsideoftheboot.com/2016/07/21/rise-of-data-analytics-in-football/}}

@misc{pritchard,
title={{Marginal gains: the rise of data analytics in sport}},
author={Stephen Pritchard},
year={2015},
publisher={The Guardian},
note={https://www.theguardian.com/sport/2015/jan/22/marginal-gains-the-rise-of-data-analytics-in-sport}}

@misc{eggels,
title={{Expected Goals in Soccer: Explaining Match Results using Predictive Analytics}}, 
author={H.P.H. Eggels},
year={2016},
note={Eindhoven University of Technology}}

@misc{hendo1,
title={{Jordan Henderson is relishing his new role in the Liverpool midfield}},
author={Glen Williams},
year={2016},
publisher={Liverpool Echo},
note={https://www.liverpoolecho.co.uk/sport/football/football-news/liverpool-jordan-henderson-jurgen-klopp-12123785}}

@misc{hendo2,
title={{Henderson: I'm learning fast in the new midfield role Klopp's given me}},
author={James Pierce},
year={2016},
publisher={Liverpool Echo},
note={https://www.liverpoolecho.co.uk/sport/football/football-news/henderson-im-learning-fast-new-11862193}}

@misc{gaussian-blur,
title={{CS6670: Computer Vision, Lecture 2: Image Filtering}},
author={Noah Snavely},
note={Cornell University, zie https://www.cs.cornell.edu/courses/cs6670/2011sp/lectures/lec02\_filter.pdf}}

@article{pca, 
title={{Principal Component Analysis}}, 
author={Herve Abdi and Lynne J. Williams},
note={UT Dallas},
year={2012}}

@article{nmf,
title={{Algorithms and Applications for Approximate Nonnegative Matrix Factorization
}},
author={Berry, Michael W.  and Browne, Murray and Langville, Amy N. and Pauca, Paul and Plemmons, Robert J.},
note={Wake Forest University},
year={2006}}

@article{kmeans-deterministisch,
  author    = {M. Emre Celebi and
               Hassan A. Kingravi},
  title     = {Deterministic Initialization of the K-Means Algorithm Using Hierarchical
               Clustering},
  journal   = {nternational Journal of Pattern Recognition and Artificial Intelligence 26},
  volume    = {abs/1304.7465},
  year      = {2013},
  url       = {http://arxiv.org/abs/1304.7465},
  archivePrefix = {arXiv},
  eprint    = {1304.7465},
  timestamp = {Wed, 07 Jun 2017 14:41:01 +0200},
  biburl    = {https://dblp.org/rec/bib/journals/corr/abs-1304-7465},
  bibsource = {dblp computer science bibliography, https://dblp.org}
}
@article{shapiro2001computer,
  title={Computer vision. 2001},
  author={Shapiro, Linda and Stockman, George C},
  journal={Ed: Prentice Hall},
  year={2001}
}

@article{cichocki2009fast,
  title={Fast local algorithms for large scale nonnegative matrix and tensor factorizations},
  author={Cichocki, Andrzej and Phan, Anh-Huy},
  journal={IEICE transactions on fundamentals of electronics, communications and computer sciences},
  volume={92},
  number={3},
  pages={708--721},
  year={2009},
  publisher={The Institute of Electronics, Information and Communication Engineers}
}
@article{scikit-learn,
 title={Scikit-learn: Machine Learning in {P}ython},
 author={Pedregosa, F. and Varoquaux, G. and Gramfort, A. and Michel, V.
         and Thirion, B. and Grisel, O. and Blondel, M. and Prettenhofer, P.
         and Weiss, R. and Dubourg, V. and Vanderplas, J. and Passos, A. and
         Cournapeau, D. and Brucher, M. and Perrot, M. and Duchesnay, E.},
 journal={Journal of Machine Learning Research},
 volume={12},
 pages={2825--2830},
 year={2011}
}
@article{fernandez2016attacking,
  title={Attacking and defensive styles of play in soccer: analysis of Spanish and English elite teams},
  author={Fernandez-Navarro, Javier and Fradua, Luis and Zubillaga, Asier and Ford, Paul R and McRobert, Allistair P},
  journal={Journal of sports sciences},
  volume={34},
  number={24},
  pages={2195--2204},
  year={2016},
  publisher={Taylor \& Francis}
}
@misc{statsplayingstyles,
title={{STATS Playing Styles – An Introduction}},
author={Marc Flynn},
year={2016},
publisher={STATS},
url={www.stats.com/industry-analysis-articles/stats-playing-styles-introduction}
}
@article{gyarmati2016analyzing,
  title={Analyzing in-game movements of soccer players at scale},
  author={Gyarmati, L{\'a}szl{\'o} and Hefeeda, Mohamed},
  journal={arXiv preprint arXiv:1603.05583},
  year={2016}
}
@article{pappalardo2018playerank,
  title={PlayeRank: Multi-dimensional and role-aware rating of soccer player performance},
  author={Pappalardo, Luca and Cintia, Paolo and Ferragina, Paolo and Pedreschi, Dino and Giannotti, Fosca},
  journal={arXiv preprint arXiv:1802.04987},
  year={2018}
}

@inproceedings{decroos2018automatic,
  title={Automatic Discovery of Tactics in Spatio-Temporal Soccer Match Data},
  author={Decroos, Tom and Van Haaren, Jan and Davis, Jesse},
  booktitle={Proceedings of the 24th ACM SIGKDD International Conference on Knowledge Discovery \& Data Mining},
  pages={223--232},
  year={2018}
}
@inproceedings{decroos2017starss,
  title={STARSS: A spatio-temporal action rating system for soccer},
  author={Decroos, Tom and Van Haaren, Jan and Dzyuba, Vladimir and Davis, Jesse},
  booktitle={Machine Learning and Data Mining for Sports Analytics ECML/PKDD 2017 workshop},
  year={2017}
}
@inproceedings{decroos2017predicting,
  title={Predicting Soccer Highlights from Spatio-Temporal Match Event Streams.},
  author={Decroos, Tom and Dzyuba, Vladimir and Van Haaren, Jan and Davis, Jesse},
  booktitle={AAAI},
  pages={1302--1308},
  year={2017}
}

@article{decroos:act18,
title = "Actions Speak Louder Than Goals: Valuing Player Actions in Soccer",
author = "Tom Decroos and Lotte Bransen and Van Haaren, Jan and Jesse
Davis",
journal = {arXiv:1802.07127},
year = 2018
}
@article{bransenchoke,
	title={Choke or Shine? Quantifying Soccer Players' Abilities to Perform Under Mental Pressure},
	author={Bransen, Lotte and Robberechts, Pieter and Van Haaren, Jan and Davis, Jesse},
	journal={MIT Sloan Sports Analytics Conference},
	year={2017}
}